<?xml version="1.0" encoding="UTF-8"?><collection xmlns="http://www.loc.gov/MARC21/slim"><record><leader>00622nam--2200193-i-4500</leader><controlfield tag="001">000027566</controlfield><controlfield tag="002">20161230</controlfield><controlfield tag="005">20161230201036</controlfield><controlfield tag="008">060222s1000------------r-----000-0-eng-d</controlfield><datafield ind1=" " ind2=" " tag="040"><subfield code="a">IFIN-HH</subfield></datafield><datafield ind1=" " ind2=" " tag="080"><subfield code="a">512.815.8:539.141.1</subfield></datafield><datafield ind1="1" ind2=" " tag="100"><subfield code="a">Kramer, Peter</subfield></datafield><datafield ind1="1" ind2="0" tag="245"><subfield code="a">Groups, systems and many-body physics. vieweg tracts in pure and applied physics. vol. 4</subfield><subfield code="c">Peter kramer, mario dal cin (eds.)</subfield></datafield><datafield ind1=" " ind2=" " tag="260"><subfield code="a">Wiesbaden</subfield><subfield code="b">Friedr. Wieweg &amp; Sohn</subfield><subfield code="c">1980</subfield></datafield><datafield ind1=" " ind2=" " tag="300"><subfield code="a">XVI + 410P</subfield></datafield><datafield ind1=" " ind2=" " tag="490"><subfield code="a">Wieweg Tracts In Pure And Applied Physics, 4</subfield></datafield><datafield ind1="1" ind2=" " tag="700"><subfield code="a">Dal Cin, Mario</subfield><subfield code="e">Ed</subfield></datafield><datafield ind1=" " ind2=" " tag="852"><subfield code="a">41370</subfield><subfield code="c">53</subfield></datafield><datafield ind1=" " ind2=" " tag="CAT"><subfield code="a">Sys</subfield><subfield code="c">20150318</subfield><subfield code="h">152205</subfield></datafield></record></collection>